@article{Diebold2006,
   author = {{Francis X.} Diebold and {Canlin} Li},
   doi = {10.1016/J.JECONOM.2005.03.005},
   issn = {0304-4076},
   issue = {2},
   journal = {Journal of Econometrics},
   month = {2},
   pages = {337-364},
   publisher = {North-Holland},
   title = {Forecasting the term structure of government bond yields},
   volume = {130},
   year = {2006},
}

@article{Nelson1987,
   author = {{Charles R.} Nelson and {Andrew F.} Siegel},
   doi = {10.1086/296409},
   issn = {0021-9398},
   issue = {4},
   journal = {The Journal of Business},
   month = {1},
   pages = {473},
   publisher = {University of Chicago Press},
   title = {Parsimonious Modeling of Yield Curves},
   volume = {60},
   year = {1987},
}

@online{MOEXGCURVEdocs,
  author      = {{Moscow Exchange}},
  language    = {english},
  title       = {Russian Government Bond Zero Coupon Yield Curve Methodology},
  url         = {https://fs.moex.com/files/22977},
  urldate     = {2023-11-10},
  year        = {2021},
}

@misc{Stankevich2023,
  author       = {Ivan P. Stankevich},
  title        = {'Financial Econometrics' Course},
  year         = {2023}
}

@online{IMF2005,
  author       = {Pelin Berkmen and Sam Ouliaris and Hossein Samiei},
  date         = {September 21},
  doi          = {},
  editor       = {},
  eprint       = {},
  title        = {The Structure of the Oil Market and Causes of High Prices},
  url          = {https://www.imf.org/external/np/pp/eng/2005/092105o.htm},
  year         = {2005}
}

@online{RBK2006,
  author       = {RBK},
  date         = {January 26},
  doi          = {},
  editor       = {},
  eprint       = {},
  title        = {The Russian Stabilization Fund will exceed 52 billion dollars in 2005},
  url          = {https://www.rbc.ru/economics/26/01/2006/5703c2a89a7947dde8e0a282},
  year         = {2006}
}

@online{Wiki2008,
  author       = {Wikipedia},
  date         = {November 26},
  doi          = {},
  editor       = {},
  eprint       = {},
  title        = {Russo-Georgian War},
  url          = {https://en.wikipedia.org/wiki/Russo-Georgian_War},
  year         = {2023}
}